[gd_scene load_steps=11 format=2]

[ext_resource path="res://assets/Tablets/Icon_Segment_7.png" type="Texture" id=1]
[ext_resource path="res://assets/Tablets/Icon_Segment_5.png" type="Texture" id=2]
[ext_resource path="res://assets/Tablets/Icon_Segment_2.png" type="Texture" id=3]
[ext_resource path="res://assets/Tablets/Icon_Segment_4.png" type="Texture" id=4]
[ext_resource path="res://assets/Tablets/Icon_Segment_1.png" type="Texture" id=5]
[ext_resource path="res://assets/Tablets/Icon_Segment_3.png" type="Texture" id=6]
[ext_resource path="res://assets/Tablets/Icon_Segment_6.png" type="Texture" id=7]
[ext_resource path="res://assets/Tablets/Icon_Segment_0.png" type="Texture" id=8]
[ext_resource path="res://src/runes/RuneSegmentSprite.cs" type="Script" id=9]

[sub_resource type="SpriteFrames" id=1]
animations = [ {
"frames": [ ExtResource( 1 ) ],
"loop": true,
"name": "7",
"speed": 5.0
}, {
"frames": [ ExtResource( 7 ) ],
"loop": true,
"name": "6",
"speed": 5.0
}, {
"frames": [ ExtResource( 3 ) ],
"loop": true,
"name": "2",
"speed": 5.0
}, {
"frames": [ ExtResource( 4 ) ],
"loop": true,
"name": "4",
"speed": 5.0
}, {
"frames": [ ExtResource( 5 ) ],
"loop": true,
"name": "1",
"speed": 5.0
}, {
"frames": [ ExtResource( 6 ) ],
"loop": true,
"name": "3",
"speed": 5.0
}, {
"frames": [ ExtResource( 8 ) ],
"loop": true,
"name": "0",
"speed": 5.0
}, {
"frames": [ ExtResource( 2 ) ],
"loop": true,
"name": "5",
"speed": 5.0
} ]

[node name="AnimatedSprite" type="AnimatedSprite"]
frames = SubResource( 1 )
animation = "7"
script = ExtResource( 9 )
